@BOOK{Dincer2010-re,
	title     = "Refrigeration Systems and Applications 2E: Dincer/refrigeration systems and applications",
	author    = "Dincer, Ibrahim and Kanoglu, Mehmet",
	publisher = "Wiley-Blackwell",
	year      =  2010,
	address   = "Hoboken, NJ, Estados Unidos de Am√©rica",
	language  = "en"
}

@MISC{ashrae-about,
	author = "ASHRAE",
	title = "Refrigeration for medical purposes",
	year = 2023,
	howpublished = "https://www.ashrae.org/research",
	note = "Accessed: 2024-05-01"
}

@BOOK{Kaushik2017,
	title = "Finite Time Thermodynamics of Power and Refrigeration Cycles",
	author = "Kaushik, Shubhash C.",	
	publisher = "Springer",
	year = 2017
}

@BOOK{Dincer2016,
	author = "Dincer, Ibrahim and Ratlamwala, Tahir Abdul Hussain",
	title = "Integrated Absorption Refrigeration Systems",
	publisher = "Springer",
	year = 2016
}

@BOOK{zhang2023,
	author = "Zhang, Xin-Rong and Eikevik, Trygve Magne",
	title = "CO2 Refrigeration Cycle and Systems",
	publisher = "Springer Nature",
	year = 2023
}

@BOOK{cengel2009,
	author = "Cengel, Yunus A.",
	title = "Introduction to Thermodynamics and Heat Transfer",
	publisher = "McGraw-Hill",
	year = 2009
}
