@BOOK{Dincer2010-re,
  title     = "Refrigeration Systems and Applications 2E: Dincer refrigeration systems and applications",
  author    = "Dincer, Ibrahim and Kanoglu, Mehmet",
  publisher = "Wiley-Blackwell",
  year      =  2010,
  address   = "Hoboken, NJ, Estados Unidos de Am{\'e}rica",
  language  = "en"
}

@BOOK{Kaushik2017,
	author = "Kaushik, Shubhash C.",
	title = "Finite Time Thermodynamics of Power and Refrigeration Cycles",
	publisher = "Springer",
	year = 2017
}


@MISC{sanpablo,
	title        = "Insulina Humalog Lispro",
	booktitle    = "Com.mx",
	author       = "Farmacias San Pablo,FSP",
	year         =  2024,
	howpublished = "{https://www.farmaciasanpablo.com.mx/medicamentos/supervision-medica/g---h---i/humalog-insulina-lispro-suspension-inyectable-10-ml-frasco-ampula/p/000000000001550093}",
	note         = "Accessed: 2024-5-3"
}

@MISC{ahorro,
	title        = "Insulina Lantus",
	booktitle    = "Fahorro.com",
	author       = "Farmacias del Ahoro, Farma",
	year         =  2024,
	 howpublished= "{https://www.fahorro.com/lantus-100-u-ml-con-1-frasco-ampula-con-10-ml.html}",
	note         = "Accessed: 2024-5-3"
}

@MISC{ciat,
	title        = "El Grupo {CIAT} refuerza su compromiso medioambiental
	implementando el Ecodise{\~n}o en sus sistemas de
	climatizaci{\'o}n y refrigeraci{\'o}n",
	booktitle    = "Construible",
	author       = "{Grupo CIAT}",
	month        =  dec,
	year         =  2011,
	howpublished = "{https://www.construible.es/2011/12/20/el-grupo-ciat-refuerza-su-compromiso-medioambiental}",
	note         = "Accessed: 2024-5-3",
	language     = "es"
}





@BOOK{david-umf,
	title     = "Comunicación personal",
	author    = "David Ledesma",
	publisher = "Instituto Mexicano del Seguro Social",
	year      =  2024,
	address   = "Unidad Médica Familiar 40"
}


@MISC{marrelli-2011,
	author = {Marrelli, Sebastián},
	title = {{Educación tecnológica: necesidades}},
	booktitle    = {{Blogspot.com}},
	year = {2011},
	howpublished = "{https://sebamarrelli.blogspot.com/p/necesidades.html}",
	note = "Recuperado el 26 de abril de 2024"
}


@MISC{imp-2018, 
		author = {Gobierno de México, gob.mx},
	title = {{Carteras de necesidades tecnológicas: energía termosolar}},
	year = {2018},
	howpublished ="{https://goo.su/kKPpWLb}",
	note = "Recuperado el 26 de abril de 2024"
}

@MISC{lantus-2015,
	author = {CIMA Agencia Española, Medicamentos Y Productos Sanitarios},
	month = {4},
	title = {{CIMA: FICHA TECNICA HUMALOG 100 UNIDADES/ML SOLUCION INYECTABLE EN VIALES}},
	year = {2006},
	howpublished = "{https://goo.su/ROjz8g}"
}

@MISC{lispro-2006,
	author = {CIMA Agencia Española, Medicamentos Y Productos Sanitarios},
	month = {2},
	title = {{CIMA: FICHA TECNICA LANTUS SOLOSTAR 100 UNIDADES/ML SOLUCION INYECTABLE EN PLUMA PRECARGADA}},
	year = {2015},
	howpublished = "{https://goo.su/fADk}"
}


@book{cressie-1993,
	author = {Cressie, Noel},
	month = {9},
	title = {{Statistics for Spatial Data}},
	year = {1993},
	doi = {10.1002/9781119115151},
	howpublished = {https://doi.org/10.1002/9781119115151},
}

@misc{weather-cdmx,
	title = {{Clima. Distrito Federal}},
	howpublished = {https://goo.su/P3Ce},
}


@book{cengel-2009,
	author = {Cengel, Yunus A.},
	month = {2},
	publisher = {McGraw-Hill Higher Education},
	title = {{Introduction to Thermodynamics and Heat Transfer}},
	year = {2009},
}

@book{kaushik-2017,
	author = {Kaushik, Shubhash C. and Tyagi, Sudhir K. and Kumar, Pramod},
	month = {11},
	publisher = {Springer},
	title = {{Finite Time Thermodynamics of Power and Refrigeration Cycles}},
	year = {2017},
}


@book{zhang-2023,
	author = {Zhang, Xin-Rong and Eikevik, Trygve Magne},
	month = {5},
	publisher = {Springer Nature},
	title = {{CO2 Refrigeration Cycle and Systems}},
	year = {2023},
}

@book{dincer-2016,
	author = {Dincer, Ibrahim and Ratlamwala, Tahir Abdul Hussain},
	month = {8},
	publisher = {Springer},
	title = {{Integrated Absorption Refrigeration systems}},
	year = {2016},
}

@misc{neoattack-2023,
	author = {Inditer},
	month = {10},
	title = {{Componentes esenciales en sistemas de refrigeración industrial}},
	year = {2023},
	howpublished = {https://inditer.es/blog/componentes-en-refrigeracion-industrial/},
}

@misc{hogartecnocasa-2016,
	author = {Hogartecnocasa},
	month = {12},
	title = {{Diseño moderno y flexible en refrigeración}},
	year = {2016},
	howpublished ={https://hogartecnocasa.wordpress.com/2016/12/24/diseno-moderno-flexible-en-refrigeracion/},
}

 


@article{madriz-ramirez-2022,
	author = {Madriz-Ramírez, María Fernanda and Solano-Núñez, Kevin Alberto and Rodríguez-Calvo, Mauricio},
	journal = {Tecnología en marcha},
	month = {11},
	title = {{Analysis of a cooling system for robotic joints using a computational fluid dynamics study}},
	year = {2022},
	doi = {10.18845/tm.v35i9.6488},
	howpublished = {https://acortar.link/70GgkJ},
}


@article{asnr-2016,
	author = {Apablaza, Pamela and Soto, Néstor and Román, Rossana and Codner, Ethel},
	journal = {Revista médica Clínica Las Condes},
	month = {3},
	title = {{Nuevas tecnologias en diabetes}},
	year = {2016},
	doi = {10.1016/j.rmclc.2016.04.011},
	howpublished = {https://acortar.link/DslhgU},
}



@article{liu-2021,
	author = {Liu, Haotian and Sun, Hejiang and Hao, Mo and Liu, Junjie},
	journal = {Energy and buildings},
	month = {11},
	pages = {111297},
	title = {{Analysis and modeling of air conditioner usage behavior in residential buildings using monitoring data during hot and humid season}},
	volume = {250},
	year = {2021},
	doi = {10.1016/j.enbuild.2021.111297},
	howpublished = {https://onx.la/16945},
}




@article{heinemann-2020,
	author = {Heinemann, Lutz and Braune, Katarina and Carter, Alan and Zayani, Amin and Krämer, Laura A.},
	journal = {Journal of diabetes science and technology},
	month = {1},
	number = {1},
	pages = {147--159},
	title = {{Insulin storage: a critical reappraisal}},
	volume = {15},
	year = {2020},
	doi = {10.1177/1932296819900258},
	howpublished = {https://doi.org/10.1177/1932296819900258},
}


@article{parise-2005,
	author = {Parise, J. A. R. and Marques, R. Pitanga},
	journal = {Heat transfer engineering},
	month = {11},
	number = {9},
	pages = {1--4},
	title = {{The Role of Heat Transfer in Refrigeration}},
	volume = {26},
	year = {2005},
	doi = {10.1080/01457630500205521},
	howpublished = {https://doi.org/10.1080/01457630500205521},
}


@book{james-2013,
		title = "Refrigeration: Theory and applications",
		publisher = "Bookbook",
		author = "James Carson",
		year = 2013
	}

@book{boles-2010,
	author = {Boles, Michael A. and Çengel, Yunus A.},
	month = {1},
	title = {{Thermodynamics : An Engineering Approach, 7th Edition}},
	year = {2010},
	howpublished = {https://www.mybooklibrary.com/pdf/thermodynamics-an-engineering-approach-7th-edition.pdf},
}


@misc{theoms-2023,
	author = {Theoms},
	month = {6},
	title = {{Un poco de teoría: Etapas del Ciclo de Refrigeración}},
	year = {2023},
	howpublished = {https://www.kosner.es/ciclo-de-refrigeracion/},
}


@misc{bohn,
	author = {Bohn de México, Bohn.mx},
	title = {{BOHN - Líder en la fabricación de Equipos de Refrigeración Comercial e Industrial}},
	year = {2014},
	howpublished = {https://www.bohn.com.mx/},
}

@misc{bruno-2024,
	author = {Bruno},
	month = {1},
	title = {{Cálculo de cargas térmicas de climatización}},
	year = {2024},
	howpublished = {https://www.ingenierosindustriales.com/calculo-de-cargas-termicas-de-climatizacion/},
}

@article{carrier-1980,
	author = {Carrier, Company},
	journal = {McGRAW-HILL},
	month = {11},
	title = {{Manual de aire acondicionado}},
	year = {1980},
	howpublished = {https://onx.la/a5c4e},
}


@misc{sampp-2023,
	author = {Sistemas de ventilación S\&P, S\&P },
	month = {11},
	title = {{Cálculo de cargas térmicas: conceptos básicos y métodos | S\&P}},
	year = {2023},
	howpublished = {https://www.solerpalau.com/es-es/blog/calculo-cargas-termicas/},
}

@misc{intarcon-2023,
	author = {Intarcon},
	month = {1},
	title = {{Ecodiseño: Unidades condensadoras y enfriadoras de proceso.}},
	year = {2023},
	howpublished = {https://www.intarcon.com/ecodiseno-unidades-condensadoras-y-enfriadoras-de-proceso/},
}

@misc{caloryfrio-2018,
	author = {Caloryfrio, Mikel Iturbe},
	month = {11},
	title = {{Efectos de los reglamentos F-gas y de ecodiseño en la fabricación de equipos y centrales frigoríficas de HFC}},
	year = {2018},
	howpublished = {https://www.caloryfrio.com/refrigeracion-frio/efectos-reglamentos-f-gas-ecodiseno-equipos-centrales-frigorificas-hfc.html},
}



@MISC{Martin,
	title        = "{Cargas} {t{\'e}rmicas} {en} {refrigeraci{\'o}n}",
	booktitle    = "Upv.es",
	author       = "Velazquez, borka  Mart{\'\i}n:",
	howpublished = "{https://shre.ink/8pjQ}",
	year = {2020},
	note         = "Accessed: 2024-5-02"
}

@misc{bibliocad,
	author ={bibliocad},
	title = {{
	Evaporador en 3d. en AutoCAD |  Bibliocad}},
	howpublished = {https://www.bibliocad.com/es/biblioteca/evaporador-de-una-planta-pesquera{\_}26654/},
}

@misc{suarez-2022,
	author = {Suarez, Fabiola},
	month = {4},
	title = {{Motor Evaporador para tu Sistema de Refrigeración - Freeo}},
	year = {2022},
	howpublished = {https://freeo.com.mx/motor-evaporador-para-tu-sistema-de-refrigeracion/},
}

@misc{tecfrinor,
	author = {Intarcon},
	title = {{TECFRINOR - Calculadora frigorífica}},
	howpublished = {https://www.tecfrinor.com/calculadora/calc.html},
}

@misc{hvac-2016,
	author = {HVAC},
	month = {5},
	title = {{Criterios de selección para centrales frigoríficas}},
	year = {2016},
	howpublished = {https://www.mundohvacr.com/2012/05/criterios-de-seleccion-para-centrales-frigorificas/},
}

@misc{bercofred-2021,
	author = {Bercofred},
	month = {2},
	title = {{Consejos sobre cómo elegir la mejor cámara frigorífica para tu negocio}},
	year = {2021},
	howpublished = {https://www.bercofred.com/consejos-sobre-como-elegir-la-mejor-camara-frigorifica-para-tu-negocio/},
}


@misc{salud-2022,
	author = {De Salud, Secretaría},
	month = {8},
	title = {{Normas oficiales mexicanas}},
	year = {2022},
	howpublished = {https://www.gob.mx/salud/en/documentos/normas-oficiales-mexicanas-9705},
}
@misc{lucidchart-2022,
	author = {Lucidchart},
	title = {{Qué es un diagrama de flujo}},
	year = {2022},
	howpublished = {https://www.lucidchart.com/pages/es/que-es-un-diagrama-de-flujo},
}

@inproceedings{Tan12,
	author = {Tantau, Till},
	title = {Graph Drawing in {TikZ}},
	booktitle = {Proceedings of the 20th International Conference on Graph Drawing},
	series = {GD'12},
	year = {2013},
	isbn = {978-3-642-36762-5},
	location = {Redmond, WA},
	pages = {517--528},
	numpages = {12},
	doi = {10.1007/978-3-642-36763-2_46},
	publisher = {Springer-Verlag},
	address = {Berlin, Heidelberg},
} 

@article{agustin,
	author = {Agustín, Daniel and Vanegas, Diego},
	year = {2011},
	month = {01},
	pages = {},
	title = {Descripción de dispositivos de expansión termostática en sistemas de refrigeración.}
}

@inproceedings{rio,
	author = {Rio, S. and Isaza-Roldan, Cesar and Jara, Nelson and Mejia, H. and Ospina, J.},
	year = {2014},
	month = {06},
	pages = {},
	title = {Estudio de la Carga Térmica en Refrigeradores Domésticos para Climas Tropicales}
}


@MISC{UG2022,
	title        = "Clase digital 4. Componentes de un sistema de
	refrigeraci{\'o}n",
	booktitle    = "Recursos Educativos Abiertos",
	author       = "{Universidad de Guanajuato}",
	publisher    = "Sistema Universitario de Multimodalidad Educativo (SUME) -
	Universidad de Guanajuato",
	month        =  jul,
	year         =  2022,
	howpublished = "\url{https://blogs.ugto.mx/rea/clase-digital-4-componentes-de-un-sistema-de-refrigeracion/}",
	note         = "Accessed: 2024-6-07",
	language     = "es"
}


@misc{de-leon-no-date,
	author = {De Leon, Emilio},
	year = {2017},
	title = {{Construcción y diseño de una cámara frigorífica}},
	url = {https://www.edificacionescien.com/es/blog-cien-3/33-construccion-y-diseno-de-una-camara-frigorifica.html},
}


@misc{salvatore-2015,
	author = {Salvatore, Reina Guzmán Washington},
	month = {5},
	title = {{Diseño y construcción de una cámara frigorífica modular de 9.6m3 para conservación de vacunas.}},
	year = {2015},
	url = {https://dspace.ups.edu.ec/handle/123456789/9248},
}


@misc{edibon-no-date,
	author = {Edibon},
	year ={2019},
	title = {{Equipo de Refrigeración con Cámara de Refrigeración y Congelación, Controlado desde Computador (PC) | EDIBON ®}},
	url = {https://www.edibon.com/es/equipo-de-refrigeracion-con-camara-de-refrigeracion-y-congelacion-controlado-desde-computador-pc},
}


@book{caterpillar-2008,
	address = {us},
	author = {Caterpillar},
	publisher = {Caterpillar},
	title = {{Know your cooling system}},
	year = {2008},
}




%%%%%%%%%%%%%%%%%%%%%%%%%%%%%%%%%%%%%%%%%%%%%%%%%%%%%%%%%%%%%%%%%%%%%%%%%%%%%%%%%%%%%%%%%%%%%%5
%%%%%%%%%%%%%%%%%%%%%%%%%%%%%%%%%%%%%%%%%%%%%%%%%%%%%%%%%%%%%%%%%%%%%%%%%%%%%%%%%%%%%%%%%%

@misc{inegi2024,
	author       = {Instituto Nacional de Estadística y Geografía},
	year         = {2024},
	month        = {enero},
	day          = {26},
	title        = {Estadísticas de Defunciones Registradas (EDR)},
	howpublished = {\url{https://www.inegi.org.mx/contenidos/saladeprensa/boletines/2024/EDR/EDR2023_En-Jn.pdf}},
	note         = {[Nota de prensa]}
}

@article{hernandez2013,
	author       = {Hernández-Ávila, Mauricio and Gutiérrez, Juan Pablo and Reynoso-Noverón, Nancy},
	year         = {2013},
	title        = {Diabetes mellitus en México: El estado de la epidemia},
	journal      = {Salud Pública de México},
	volume       = {55},
	number       = {Supl. 2},
	pages        = {s129--s136},
	url          = {http://www.scielo.org.mx/scielo.php?script=sci_arttext&pid=S0036-36342013000800009&lng=es&tlng=es},
	note         = {Recuperado el 6 de marzo de 2024}
}


@misc{datamex,
	author = {DataMéxico},
	year = {2022},
	title = {{Insulina y sus Sales: Intercambio comercial, compras y ventas internacionales, mercado y especialización | Data México}},
	url = {https://www.economia.gob.mx/datamexico/es/profile/product/their-insulin-and-sales},
}
@misc{britannica2023,
	author       = {Britannica, T. Editores de Enciclopedia},
	year         = {2023},
	month        = {octubre},
	day          = {13},
	title        = {Refrigeración},
	howpublished = {\url{https://www.britannica.com/technology/refrigeration}}
}

@misc{bernad2023,
	author       = {Bernad},
	year         = {2023},
	title        = {Historia de la refrigeración: De la prehistoria a la actualidad},
	howpublished = {\url{https://www.josebernad.com/historia-de-la-refrigeracion-de-la-prehistoria-a-la-actualidad/}}
}

@misc{jr2013,
	author       = {JR, A. A.},
	year         = {2013},
	title        = {Historia de la refrigeración: Frío el},
	howpublished = {\url{https://aireacondicionadojr.blogspot.com/2013/02/historia-de-la-refrigeracion-frio-el.html}}
}

@book{dincer2010,
	author       = {Dinçer, I. and Kanoglu, M.},
	year         = {2010},
	title        = {Refrigeration Systems and Applications},
	publisher    = {John Wiley and Sons Inc.},
	address      = {United Kingdom}
}

@book{dincer1997,
	author       = {Dincer, I.},
	year         = {1997},
	title        = {Heat Transfer in Food Cooling Applications},
	publisher    = {Taylor \& Francis},
	address      = {Washington, DC}
}

@misc{ecoproyecta2024,
	author       = {Ecoproyecta},
	year         = {2024},
	month        = {enero},
	day          = {8},
	title        = {Plan Director de los Pozos de la Nieve de Sierra Espuña},
	howpublished = {\url{https://ecoproyecta.es/plan-director-pozos-nieve/}}
}

@book{critchell1912,
	author       = {Critchell, J.T. and Raymond, J.},
	year         = {1912},
	title        = {A History of Frozen Meat Trade},
	edition      = {2nd edn},
	address      = {London},
	pages        = {4--5}
}

@book{travers1946,
	author       = {Travers, M.W.},
	year         = {1946},
	title        = {Liquefaction of Gases},
	volume       = {14},
	publisher    = {Encyclopaedia Britannica},
	address      = {Chicago},
	pages        = {172--173}
}

@misc{vidyaputra,
	author       = {Vidyaputra},
	title        = {40 Lecciones sobre refrigeración y aire acondicionado del IIT Kharagpur. Material didáctico para los estudiantes o como referencia para los ingenieros},
	howpublished = {\url{https://vidyaputrasite.files.wordpress.com/2015/12/40-lessons-of-rac-from-iit-kharagpur-by-vidyaputra.pdf}},
	note         = {Recuperado el 13 de marzo de 2024}
}

@misc{curiosfera2023,
	author = {Curiosfera},
	year         = {2023},
	title        = {Historia de la refrigeración},
	howpublished = {\url{https://curiosfera-historia.com/historia-de-la-refrigeracion/}}
}

@article{howe1909,
	author       = {Howe, G. D.},
	year         = {1909},
	title        = {The Father of Modern Refrigeration},
	journal      = {Publications of the Florida Historical Society},
	volume       = {1},
	number       = {4},
	pages        = {19--23},
	url          = {http://www.jstor.org/stable/30138674}
}

@article{buse2021,
	author       = {Buse, J.B. and Davies, M.J. and Frier, B.M. and others},
	year         = {2021},
	title        = {100 years on: the impact of the discovery of insulin on clinical outcomes},
	journal      = {BMJ Open Diabetes Research and Care},
	volume       = {9},
	pages        = {e002373},
	doi          = {10.1136/bmjdrc-2021-002373}
}

@article{khurana2019,
	author       = {Khurana, G. and Gupta, V.K.},
	year         = {2019},
	title        = {Effect on Insulin upon Storage in Extreme Climatic Conditions (Temperature and Pressure) and Their Preventive Measures},
	journal      = {Journal of Social Health and Diabetes},
	volume       = {07},
	pages        = {006--010}
}

@article{garcia2022,
	author       = {García, A. and López, B.},
	year         = {2022},
	title        = {Evolución del almacenamiento de insulina en hospitales: Avances tecnológicos y prácticas actuales},
	journal      = {Revista de Farmacología Hospitalaria},
	volume       = {10},
	number       = {3},
	pages        = {78--92}
}
 
  @book{roman201,
  	author       = {Critchell, J.T. and Raymond, J.},
  	year         = {1912},
  	title        = {A History of Frozen Meat Trade},
  	edition      = {2nd edn},
  	address      = {London},
  	pages        = {4--5}
  }
  
@article{apablaza-2016,
	author = {Apablaza, Pamela and Soto, Néstor and Román, Rossana and Codner, Ethel},
	journal = {Revista médica Clínica Las Condes},
	month = {3},
	number = {2},
	pages = {213--226},
	title = {Nuevas tecnologías en diabetes},
	volume = {27},
	year = {2016},
	doi = {10.1016/j.rmclc.2016.04.011},
	url = {https://www.sciencedirect.com/science/article/pii/S0716864016300116?via%3Dihub},
}



@misc{cfdea17,
	author       = {Research, C. F. D. E. A.},
	year         = {2017},
	month        = {septiembre},
	day          = {19},
	title        = {Information Regarding Insulin Storage and Switching Between Products in an Emergency},
	howpublished = {\url{https://www.fda.gov/drugs/emergency-preparedness-drugs/information-regarding-insulin-storage-and-switching-between-products-emergency}},
	note         = {Recuperado de}
}

@misc{efriarc,
	
	r       = {Cámaras Frigoríficas, E. L. A. R.},
	title        = {NOTA BREVE SOBRE LAS TECNOLOGÍAS DE LA CADENA DE FRÍO},
	howpublished = {\url{https://goo.su/KmeZOX}},
	note         = {Recuperado el 15 de marzo de 2024}
}

@misc{toptrends,
	title        = {Top Trends in Refrigerated Warehouses \& Cold Storage Technology},
	howpublished = {\url{https://goo.su/KuzG}},
	note         = {Recuperado el 15 de marzo de 2024}
}

@book{carson2013,
	author       = {Carson, J.},
	year         = {2013},
	title        = {Refrigeration: Theory And Applications},
	publisher    = {Bookboon.com},
	address      = {UK}
}

@book{cengel1999,
	author       = {Çengel, Y. A. and Boles, M. A.},
	year         = {1999},
	title        = {Termodinámica},
	edition      = {1a ed.},
	publisher    = {McGraw-Hill},
	address      = {México}
}

@book{doi1952,
	author       = {DOI},
	year         = {1952},
	title        = {Report of the Commissioner of Patents for the Year 1951},
}



@misc{RAE01,
author       = "{Real Academia Española}",
title        = "{Diccionario de la lengua española, 23.ª ed., [versión 23.7 en línea]}",
howpublished = "{\url{https://dle.rae.es}}",
note         = "[Fecha de la consulta]",
year         = 2001,
}

@misc{RAE23,
author       = "{Real Academia Española}",
title        = "{Diccionario de la lengua española, 23.ª ed., [versión 23.7 en línea]}",
howpublished = "{\url{https://dle.rae.es}}",
note         = "[Fecha de la consulta]",
year         = 2023,
}

@book{Hundy1984,
	author    = {Hundy, G. F. and Trott, A. R. and Welch, T. C.},
	title     = {Refrigeration and Air Conditioning},
	edition   = {4th},
	year      = {1984},
	publisher = {Butterworth-Heinemann},
	address   = {El Sevier},
}


@misc{novo,
	author = "{NovoNordisk}",
	year = {2021},
	title = {{100 años de insulina}},
	url = {https://www.novonordisk.com.mx/insulin-100-years.html},
}


@misc{refrigeradores-2013,
	author = {{Refrigeradores de laboratorio}},
	title = {{Refrigerador de laboratorio de compresión eléctrica [Imagen]}},
	year = {2013},
	month = {9},
	day = {27},
	howpublished = {\url{https://blogquimobasicos.com/2013/01/29/1096/#more-1096}},
	note = {Obtenido de Blog Quimobásicos: Quimobásicos}
}


@misc{belamn-2015,
	author = {Belamn, R.},
	title = {{Refrigerador experimental difusión-absorción [Imagen]}},
	year = {2015},
	month = {5},
	howpublished = {\url{https://acortar.link/PNfEUF}},
	note = {Obtenido de ResearchGate}
}

@misc{ecoinventos-2022,
	author = {EcoInventos R.},
	title = {{Solarchill, el refrigerador Solar que salva vidas [Imagen]}},
	year = {2022},
	month = {11},
	day = {23},
	howpublished = {\url{https://ecoinventos.com/refrigerador-solar/}},
	note = {Obtenido de EcoInventos}
}
@misc{hunuo-technology,
	author = {Hunuo Technology},
	title = {{Refrigerador con revestimiento de hielo (vertical) [Imagen]}},
	year = {s.f.},
	howpublished = {\url{https://es.haiermedical.com/vaccine-refrigerator-freezer/ice-lined-refrigerador-vertical.html}},
	note = {Obtenido de Haier Biomedical}
}






@misc{dof-2010,
	author = {{Diario Oficial de la Federación DOF}},
	title = {{NOM-012-ENER-2019: Eficiencia energética de unidades condensadoras y evaporadoras para refrigeración. Límites, métodos de prueba y etiquetado}},
	year = {2010},
	month = {noviembre 23},
	note = {Ciudad de México}
}






@misc{dof-2010-nom015,
	author = {{Diario Oficial de la Federación (DOF)}},
	title = {{NOM-015-SSA2-2010: Para la prevención, tratamiento y control de la diabetes mellitus}},
	year = {2010},
	month = {noviembre 23},
	note = {Ciudad de México}
}




@misc{dof-2010-nom008,
	author = {{Diario Oficial de la Federación (DOF)}},
	title = {{NOM-008-SCFI-2002: Sistema general de unidades de medida}},
	year = {2010},
	month = {noviembre 23},
	note = {Ciudad de México}
}




@misc{ashrae-about,
	author = {{ASHRAE | Ashrae.org}},
	title = {{Web Starter Kit}},
	year = {n.d.},
	note = {https://www.ashrae.org/about}
}


@misc{clima-df,
	author = {{Clima. Distrito Federal}},
	title = {{[Imagen]}},
	year = {n.d.},
	note = {https://lc.cx/x8aNaj}
}





@article{jacob2023,
	author = {Jacob, J.},
	title = {Insulin storage guidance for patients with diabetes using insulin},
	journal = {Indian Journal Of Endocrinology And Metabolism},
	volume = {27},
	number = {2},
	pages = {93},
	year = {2023},
	doi = {10.4103/2230-8210.374161},
	url = {https://doi.org/10.4103/2230-8210.374161}
}

@misc{alfaro2002,
	author = {Alfaro, J. and Simal, A. and Botella, F.},
	title = {Tratamiento de la diabetes mellitus},
	year = {2002},
	note = {Vol. 24 N. 2},
	url = {http://www.mscbs.es/en/biblioPublic/publicaciones/docs/mellitus.pdf}
}

@misc{gonzalez2017,
	author = {González, F.},
	title = {Insulina. Estructura, síntesis, secreción, depuración y degradación},
	year = {2017},
	note = {Academia Biológica Digital N. 71},
	url = {http://www.mscbs.es/en/biblioPublic/publicaciones/docs/mellitus.pdf}
}

@misc{mandal2010,
	author = {Mandal, A.},
	title = {What is insulin?},
	year = {2010},
	month = {febrero 18},
	note = {[Imagen]},
	url = {https://www.news-medical.net/health/What-is-Insulin.aspx}
}

@misc{healthcentral2022,
	author = {HealthCentral},
	title = {A Beginner’s Guide to Taking Insulin},
	year = {2022},
	month = {enero 10},
	note = {[Imagen]},
	url = {https://www.healthcentral.com/slideshow/beginners-guide-taking-insulin}
}

@misc{research2017,
	author = {{U.S. Food And Drug Administration}},
	title = {Información sobre el almacenamiento de insulina y el cambio entre productos durante una emergencia},
	year = {2017},
	month = {septiembre 21},
	note = {[Imagen]},
	url = {https://lc.cx/GnOAbV}
}

@misc{opsonu,
	author = {{OPS-ONU}},
	month = {6},
	title = {{Diabetes}},
	year = {2024},
	url = {https://www.paho.org/es/temas/diabetes},
}



%%%% referencias cap 4


@misc{manzanelli-2023,
	author = {Manzanelli},
	month = {6},
	title = {{Norma ISO 5457}},
	year = {2023},
	url = {https://normasiso.org/norma-iso-5457/}
}
@misc{iso_org-2024,
	month = {9},
	title = {{ISO - Organización Internacional de Normalización}},
	year = {2024},
	url = {https://www.iso.org/es/contents/data/standard/05/15/51527.html}
}

@manual{sotomucino2024,
	author    = {Luis Enrique Soto Muciño},
	title     = {Guía de diseño},
	year      = {2024},
	note      = {Manual},
	howpublished = {PDF},
}

@misc{semovi-24,
	author ={SEMOVI},
	title = {{Movilidad integrada}},
	url = {https://app.semovi.cdmx.gob.mx/visor_sitp/},
	year = {2024}
}
@misc{areatecnologia,
	author = {Área-tecnologia},
	title = {{El interruptor magnetotérmico. funcionamiento, curvas, selectividad.}},
	url = {https://www.areatecnologia.com/electricidad/magnetotermico.html#google_vignette},
	year = {2016}
}

 
@misc{bohn2024,
	author       = {Bohn},
	title        = {Bohn - Equipos de Refrigeración},
	year         = {2024},
	url          = {https://www.bohn.com.mx/index.html}
}


@misc{ml2024,
	author = {MercadoLibre}
	year = {2024}
	title = {{Condensador 1/8 HP Refrigeracion para unidad condensadora}},
	url = {https://articulo.mercadolibre.com.mx/MLM-1958248837-condensador-14-hp-refrigeracion-para-unidad-condensadora-_JM#polycard_client=search-nordic&position=2&search_layout=grid&type=item&tracking_id=1499f32f-a480-4097-b9b9-de4f166561fa},
}


@misc{mabe2024,
	author = {MABE},
	title = {{Evaporador refrigerador ensamble - WR01F03929}},
	year = {2021},
	url = {https://servicio.mabeglobal.com/es_MX/Refrigeraci%C3%B3n-Refacciones/Refrigeradores-Refacciones/Evaporador-Refrigerador-Ensamble---WR01F03929/p/WR01F03929},
}


@misc{salarioingeniero,
	author       = {DataMexico},
	title        = {Salario promedio mensual de Ingenieros Mecánicos en México en 2024},
	year         = {2024},
	url          = {https://www.economia.gob.mx/datamexico/es/profile/occupation/ingenieros-mecanicos},
	note         = {Última consulta: diciembre 2024}
}


@misc{poliuretanohomedepot,
	author       = {Home Depot},
	title        = {Sista Espuma Expansiva de Poliuretano Universal 750 ml},
	year         = {2024},
	url          = {https://www.homedepot.com.mx/p/sista-espuma-expansiva-de-poliuretano-universal-750-ml-2546755-724369?srsltid=AfmBOorXlwO5AMUsIy6wd31C6pYFfnWzwJ0aNEuTp3L_O_Yx59fXu77s},
	note         = {Última consulta: diciembre 2024}
}


